<?xml version="1.0" encoding="UTF-8"?><collection xmlns="http://www.loc.gov/MARC21/slim"><record><leader>00488nam--2200181-u-4500</leader><controlfield tag="001">000054814</controlfield><controlfield tag="002">20161230</controlfield><controlfield tag="005">20170306150308</controlfield><controlfield tag="008">120615s1000------------r-----000-0-eng-d</controlfield><datafield ind1=" " ind2=" " tag="020"><subfield code="a">0720402948</subfield></datafield><datafield ind1=" " ind2=" " tag="040"><subfield code="a">IFIN-HH</subfield></datafield><datafield ind1=" " ind2=" " tag="080"><subfield code="a">530.145.6:539.17.01</subfield></datafield><datafield ind1="1" ind2=" " tag="100"><subfield code="a">Joachain, Charles J</subfield></datafield><datafield ind1="1" ind2="0" tag="245"><subfield code="a">Quantum collinom theory</subfield><subfield code="c">Charles J. Joachain</subfield></datafield><datafield ind1=" " ind2=" " tag="260"><subfield code="a">Amsterdam</subfield><subfield code="b">North-Holland Publishing Company</subfield><subfield code="c">1975</subfield></datafield><datafield ind1=" " ind2=" " tag="300"><subfield code="a">710P</subfield></datafield><datafield ind1=" " ind2=" " tag="852"><subfield code="a">43128</subfield><subfield code="c">539.17</subfield></datafield><datafield ind1=" " ind2=" " tag="CAT"><subfield code="a">SYS</subfield><subfield code="c">20170306</subfield><subfield code="h">150308</subfield></datafield></record></collection>